@IEEEtranBSTCTL{IEEEexample:BSTcontrol,
CTLdash_repeated_names = "no"
}

@manual{ABB:controller_software, 
title           = {Application manual - Controller software IRC5. RobotWare 6.03}, 
howpublished    = {Revision: C},
organization    = {ABB},
year            = {2016},
note            = {Document ID: 3HAC050798-001}
}

@manual{ABB:sdk, 
title           = {Application manual - PC SDK. RobotWare 5.14}, 
howpublished    = {Revision: A},
organization    = {ABB},
year            = {2012},
note            = {Document ID: 3HAC036957-001}
}

@manual{ABB:robotstudio, 
title           = {Operating manual - RobotStudio 6.08}, 
howpublished    = {Revision: X},
organization    = {ABB},
year            = {2018},
note            = {Document ID: 3HAC032104-001}
}

@manual{ABB:rapid_instructions, 
title           = {Technical reference manual - RAPID Instructions, Functions and Data types. RobotWare 6.06}, 
howpublished    = {Revision: F},
organization    = {ABB},
year            = {2017},
note            = {Document ID: 3HAC050917-001}
}

@electronic{Greg:LthRobotStudio,
  author        = "Gregory Austin",
  title         = "{LthRobotStudio}",
  howpublished  = "{GitHub}",
  url           = "https://github.com/CrazyIvanftw/LthRobotStudio",
  month         = feb,
  year          = "2019"
}

@electronic{Greg:Sensor,
  author        = "Gregory Austin",
  title         = "{EGM\_Simulation\_Sensor}",
  howpublished  = "{GitHub}",
  url           = "https://github.com/CrazyIvanftw/EGM_Simulation_Sensor",
  month         = nov,
  year          = "2018"
}

@electronic{Greg:LTH_EGM,
  author        = "Gregory Austin",
  title         = "{LTH\_EGM}",
  howpublished  = "{GitHub}",
  url           = "https://github.com/CrazyIvanftw/LTH_EGM",
  month         = nov,
  year          = "2018"
}

@electronic{Greg:Jupyter,
  author        = "Gregory Austin",
  title         = "{EGM\_Adapter\_Jupyter\_Notebooks}",
  howpublished  = "{GitHub}",
  url           = "https://github.com/CrazyIvanftw/EGM_Adapter_Jupyter_Notebooks",
  month         = nov,
  year          = "2018"
}