@IEEEtranBSTCTL{IEEEexample:BSTcontrol,
CTLdash_repeated_names = "no"
}

@manual{ABB:controller_software,
title           = {Application manual - Controller software IRC5. RobotWare 6.07},
howpublished    = {Revision: G},
organization    = {ABB},
year            = {2018},
note            = {Document ID: 3HAC050798-001}
}

@manual{ABB:sdk,
title           = {Application manual - PC SDK. RobotWare 5.14},
howpublished    = {Revision: A},
organization    = {ABB},
year            = {2012},
note            = {Document ID: 3HAC036957-001}
}

@manual{ABB:robotstudio,
title           = {Operating manual - RobotStudio 6.07},
howpublished    = {Revision: W},
organization    = {ABB},
year            = {2018},
note            = {Document ID: 3HAC032104-001}
}

@manual{ABB:rapid_instructions,
title           = {Technical reference manual - RAPID Instructions, Functions and Data types. RobotWare 6.07},
howpublished    = {Revision: G},
organization    = {ABB},
year            = {2018},
note            = {Document ID: 3HAC050917-001}
}

@electronic{ABB:RS_SDK,
  title         = "{RobotStudio SDK}",
  howpublished  = "{ABB}",
  url           = "http://developercenter.robotstudio.com/robotstudio",
  year          = "2016"
}

@manual{ABB:system_parameters,
title           = {Technical reference manual - System parameters. RobotWare 6.07},
howpublished    = {Revision: H},
organization    = {ABB},
year            = {2018},
note            = {Document ID: 3HAC050948-001}
}

@electronic{ABB:Smart_Components,
  title         = "{Smart Component life cycle}",
  howpublished  = "{ABB}",
  url           = "http://developercenter.robotstudio.com/blobproxy/devcenter/RobotStudio/html/f38c3f20-b7ec-4240-8c68-1dfc5f6e7ea4.htm",
  month         = "nov",
  year          = "2017"
}


@electronic{ABB:Line_Sensor,
  title         = "{List of SmartComponents}",
  howpublished  = "{ABB}",
  url           = "http://developercenter.robotstudio.com/blobproxy/devcenter/RobotStudio/html/6825b20c-b218-4bb5-896c-11f4e62ffaba.htm",
  month         = "nov",
  year          = "2017"
}

@electronic{Greg:LthRobotStudio,
  author        = "Gregory Austin",
  title         = "{LthRobotStudio}",
  howpublished  = "{GitHub}",
  url           = "https://github.com/CrazyIvanftw/LthRobotStudio",
  month         = "feb",
  year          = "2019"
}

@electronic{Greg:Sensor,
  author        = "Gregory Austin",
  title         = "{EGM\_Simulation\_Sensor}",
  howpublished  = "{GitHub}",
  url           = "https://github.com/CrazyIvanftw/EGM_Simulation_Sensor",
  month         = "nov",
  year          = "2018"
}

@electronic{Greg:LTH_EGM,
  author        = "Gregory Austin",
  title         = "{LTH\_EGM}",
  howpublished  = "{GitHub}",
  url           = "https://github.com/CrazyIvanftw/LTH_EGM",
  month         = "nov",
  year          = "2018"
}

@electronic{Greg:Jupyter,
  author        = "Gregory Austin",
  title         = "{EGM\_Adapter\_Jupyter\_Notebooks}",
  howpublished  = "{GitHub}",
  url           = "https://github.com/CrazyIvanftw/EGM_Adapter_Jupyter_Notebooks",
  month         = "nov",
  year          = "2018"
}

@electronic{Greg:Ref_Repo,
  author        = "Gregory Austin",
  title         = "{LthRobotStudioDemo/EgmFramework\_Demo}",
  howpublished  = "{GitHub}",
  url           = "https://github.com/CrazyIvanftw/LthRobotStudioDemo/tree/master/EgmFramework_Demo",
  month         = "mar",
  year          = "2019"
}

@electronic{Greg:Demo,
  author        = "Gregory Austin",
  title         = "{Line Sensor + EGM in RobotStudio}",
  howpublished  = "{YouTube}",
  url           = "https://youtu.be/TYhPY_j6p-Q",
  month         = "feb",
  year          = "2019"
}

@electronic{Greg:Bad_Demo,
  author        = "Gregory Austin",
  title         = "{EGM Framework Thread Latency Issues}",
  howpublished  = "{YouTube}",
  url           = "https://youtu.be/j2nPMQIQ3bM",
  month         = "feb",
  year          = "2019"
}

@electronic{Greg:Final_Demo,
  author        = "Gregory Austin",
  title         = "{Demo: Simulation of sensor controlled robotics}",
  howpublished  = "{YouTube}",
  url           = "https://youtu.be/-os4BKqXvHA",
  month         = "mar",
  year          = "2019"
}

@electronic{Def:Robot,
  title         = "{robot}",
  howpublished  = "{Oxford University Press}",
  url           = "https://en.oxforddictionaries.com/definition/robot",
  year          = "2019"
}

@electronic{ABB:Products,
  title         = "{Industrial Robots}",
  howpublished  = "{ABB}",
  url           = "https://new.abb.com/products/robotics/industrial-robots",
  year          = "2019"
}

@electronic{Microsoft:DNet,
  title         = "{NETStandard.Library 2.0.3}",
  howpublished  = "{NuGet}",
  organization  = "{Microsoft}",
  url           = "https://www.nuget.org/packages/NETStandard.Library/"
}

@electronic{Google:Proto_Start,
  title         = "{Protocol Buffers}",
  howpublished  = "{Google}",
  url           = "https://developers.google.com/protocol-buffers/"
}

@electronic{Google:Proto_Api,
  title         = "{API Reference}",
  howpublished  = "{Google}",
  url           = "https://developers.google.com/protocol-buffers/docs/reference/overview",
  month         = "nov",
  year          = "2018"
}

@electronic{Google:Proto_v2_guide,
  title         = "{Language Guide}",
  howpublished  = "{Google}",
  url           = "https://developers.google.com/protocol-buffers/docs/proto",
  month         = "dec",
  year          = "2018"
}

@electronic{Google:Proto_Other,
  title         = "{Other Languages}",
  howpublished  = "{Google}",
  url           = "https://developers.google.com/protocol-buffers/docs/reference/other",
  month         = "jul",
  year          = "2016"
}

@electronic{jskeet:github,
  author        ="{Jon Skeet}",
  title         = "{protobuf-csharp-port}",
  howpublished  = "{GitHub}",
  url           = "https://github.com/jskeet/protobuf-csharp-port",
  month         = "jun",
  year          = "2015"
}

@electronic{Google:github,
  title         = "{Protocol Buffers v2.6.1}",
  howpublished  = "{GitHub}",
  organization  = "{Google}",
  url           = "https://github.com/protocolbuffers/protobuf/releases/tag/v2.6.1",
  month         = "oct",
  year          = "2014"
}

@electronic{Castillo:YouTube,
  author        = "{del Castillo}, Jose Luis Garcia",
  title         = "{ABB real-time control}",
  howpublished  = "{YouTube}",
  organization  = "{RobotExMachina}",
  url           = "https://www.youtube.com/watch?v=zwCJAuljLQc",
  month         = "feb",
  year          = "2018"
}

@electronic{Ethics:Mil,
  title         = "{Lethal autonomous weapon}",
  howpublished  = "{Wikipedia}",
  url           = "https://en.wikipedia.org/wiki/Lethal_autonomous_weapon",
  month         = "feb",
  year          = "2019"
}

@electronic{Ethics:Med,
  author        = "{Zachary Tomlinson}",
  title         = "{15 Medical Robots That Are Changing the World}",
  howpublished  = "{Interesting Engineering}",
  url           = "https://interestingengineering.com/15-medical-robots-that-are-changing-the-world",
  month         = "oct",
  year          = "2018"
}

@electronic{Ethics:Con,
  author        = "{Robotics Online Marketing Team}",
  title         = "{Construction Robots Will Change the Industry Forever}",
  howpublished  = "{Robotic Industries Association}",
  url           = "https://www.robotics.org/blog-article.cfm/Construction-Robots-Will-Change-the-Industry-Forever/93",
  month         = "apr",
  year          = "2018"
}

@electronic{Ethics:Foo,
  author        = "{Mosay Jala}",
  title         = "{Robotics In The Food Industry And Restaurants}",
  howpublished  = "{Meee Services}",
  url           = "https://meee-services.com/robotics-in-the-food-industry-and-restaurants/",
  month         = "apr",
  year          = "2018"
}

@electronic{Ethics:Min,
  title         = "{Automated mining}",
  howpublished  = "{Wikipedia}",
  url           = "https://en.wikipedia.org/wiki/Automated_mining",
  month         = "nov",
  year          = "2018"
}

@book{LU:egmri,
title = "YuMi low-level motion guidance using the Julia programming language and Externally Guided Motion Research Interface",
abstract = "A generic robot library written in the Julia programming language is presented. A bridging framework, also presented, exposes the ABB externally guided motion research interface (EGMRI) low-level robot motion correction interface to the Julia language and other entities, such as Python and ROS. A usage example on Julia contact force estimation on an ABB YuMi robot concludes the document.",
author = "{Bagge Carlson}, Fredrik and Mathias Haage",
year = "2017",
language = "English",
series = "Technical Reports TFRT-7651",
publisher = "Department of Automatic Control, Lund Institute of Technology, Lund University",
}